@book{clrs,
  title={Introduction to Algorithms, Third Edition},
  author={Cormen, T.},
  author={Leiserson, C.},
  author={Rivest, R.},
  author={Stein, C.},
  isbn={9788120340077},
  year={2009},
  publisher={MIT Press}
}
